{1:Fxxxxxxxxxxxxxxxxxxxxxxxx}{2:Ixxxxxxxxxxxxxxxxx{3:{108:xxxxx}}{4:
:20:10150126
:25:12345678
:28C:620/1
:60F:C150123GBP10235.43
:61:1501260125DR52.58NTRFITM0000009036289
Visa
:86:Elvetino AG
Zurich
CHF 50.00   0.950932 on 23/01/2015
:61:1501260125DR25.31NTRFITM0000009036290
Visa
:86:AMAZON MKTPLACE PMTS
AMZN.COM/BILL
on 23/01/2015
:61:1501260125DR26.49NTRFITM0000009036317
Visa
:86:WHOLE FOODS MARKET
LONDON
GBP 19.27   0.727444 on 23/01/2015
:61:1501260125DR19.87NTRFITM0000009041791
Visa
:86:Coop 1128 Klosters
Klosters
CHF 18.90   0.951183 on 24/01/2015
:61:1501260125DR21.03NTRFITM0000009041794
Visa
:86:Coop 1128 Klosters
Klosters
CHF 20.00   0.951022 on 24/01/2015
:61:1501260125CR35.89NTRFITM0000009041796
Visa
:86:OCADO RETAIL LIMIT
01707 228000
GBP 28.00   0.780162 on 23/01/2015
:61:1501260125DR20.00NCHGITM0000009040011
Visa Annual Charge
:61:1501260126CR18790.00NTRFPON0000002534162//GBG260150R2ETGXS
Inward Payment
:86:MONTPORT CAPITAL SE CLH 639 0115 1
:61:1501260126DR16.49NTRFITM0000009047540
Visa
:86:WORLD DUTY FREE
HEATHROW  155
GBP 12.00   0.727714 on 25/01/2015
:61:1501260126DR93.72NTRFITM0000009047557
Visa
:86:BRITANNIA
020 7937 6905
GBP 68.18   0.727486 on 25/01/2015
:61:1501260126DR21.34NTRFITM0000009047524
Visa
:86:Caviar House +
Zurich Flugha
on 25/01/2015
:61:1501260126DR343.64NTRFITM0000009047545
Visa
:86:VIRGIN MONEY GIVING
NORWICH
GBP 250.00   0.727506 on 25/01/2015
:61:1501230126DR8.70NTRFPON0000002534833
Account Transfer
:86:AGENT CHARGES RE: PON000002464983
:62F:C150126GBP28412.15
:64:C150126GBP28412.15
-}
