{1:Fxxxxxxxxxxxxxxxxxxxxxxxx}{2:Ixxxxxxxxxxxxxxxxx{3:{108:xxxxx}}{4:
:20:10150126
:25:12345678
:28C:620/1
:60F:C150123GBP10235.43
:61:1501260125DR52.58NTRFITM1234567890123
Visa
:86:yyyyyyyyyyyyyyyyy
Basel
CHF 50.00   0.950932 on 23/01/2015
:61:1501260125DR25.31NTRFITM1234567890123
Visa
:86:yyyyyyyyyyyyyyyyy
AMZN.COM/BILL
on 23/01/2015
:61:1501260126CR18790.00NTRFPON1234567890123//ABC12345678HRSXS
Inward Payment
:86:yyyyyyyyyyyyyyyyy
:62F:C150126GBP28412.15
:64:C150126GBP28412.15
-}
