{1:Fxxxxxxxxxxxxxxxxxxxxxxxx}{2:Ixxxxxxxxxxxxxxxxx{3:{108:xxxxx}}{4:
:20:10150126
:25:12345678
:28C:620/1
:60F:C150123EUR10235,43
:61:1501260125DR52,58NTRFITM1234567890123
Visa
:86:yyyyyyyyyyyyyyyyy
Zurich
CHF 50.00   0.950932 on 23/01/2015
:61:1501260125DR25,31NTRFITM1234567890123
Visa
:86:yyyyyyyyyyyyyyyyy
BILL
on 23/01/2015
:61:1501260125DR26,49NTRFITM1234567890123
Visa
:86:yyyyyyyyyyyyyyyyy
LONDON
GBP 19.27   0.727444 on 23/01/2015
:61:1501260125DR19,87NTRFITM1234567890123
Visa
:86:yyyyyyyyyyyyyyyyy
CHF 18.90   0.951183 on 24/01/2015
:61:1501260125DR21,03NTRFITM1234567890123
Visa
:86:yyyyyyyyyyyyyyyyy
CHF 20.00   0.951022 on 24/01/2015
:61:1501260125CR35,89NTRFITM1234567890123
Visa
:86:yyyyyyyyyyyyyyyyy
01707 228000
GBP 28.00   0.780162 on 23/01/2015
:61:1501260125DR20,00NCHGITM1234567890123
Visa Annual Charge
:61:1501260126CR18790,00NTRFPON1234567890123
Inward Payment
:86:yyyyyyyyyyyyyyyyy
:61:1501260126DR16,49NTRFITM1234567890123
Visa
:86:yyyyyyyyyyyyyyyyy
HEATHROW  155
GBP 12.00   0.727714 on 25/01/2015
:61:1501260126DR93,72NTRFITM1234567890123
Visa
:86:yyyyyyyyyyyyyyyyy
020 7937 6905
GBP 68.18   0.727486 on 25/01/2015
:61:1501260126DR21,34NTRFITM1234567890123
Visa
:86:yyyyyyyyyyyyyyyyy
on 25/01/2015
:61:1501260126DR343,64NTRFITM1234567890123
Visa
:86:yyyyyyyyyyyyyyyyy
GBP 250.00   0.727506 on 25/01/2015
:61:1501230126DR8,70NTRFPON1234567890123
Account Transfer
:86:yyyyyyyyyyyyyyyyy
:62F:C150126EUR28412,15
:64:C150126EUR28412,15
-}
